<record><leader>00000cas a2200000 a 4500</leader><controlfield tag="001">37297301</controlfield><controlfield tag="008">970715d19341941orudn ne      0    0eng c</controlfield><datafield ind1=" " ind2=" " tag="010"><subfield code="a">sn 96088183 </subfield></datafield><datafield ind1=" " ind2=" " tag="040"><subfield code="a">OCN</subfield><subfield code="b">eng</subfield><subfield code="c">OCN</subfield><subfield code="d">OCLCQ</subfield><subfield code="d">OCLCF</subfield><subfield code="d">OCLCO</subfield></datafield><datafield ind1="1" ind2=" " tag="029"><subfield code="a">AU@</subfield><subfield code="b">000013408218</subfield></datafield><datafield ind1=" " ind2=" " tag="042"><subfield code="a">pcc</subfield></datafield><datafield ind1=" " ind2=" " tag="043"><subfield code="a">n-us-or</subfield></datafield><datafield ind1="0" ind2=" " tag="130"><subfield code="a">Grants Pass courier (Grants Pass, Or.)</subfield></datafield><datafield ind1="1" ind2="0" tag="245"><subfield code="a">Grants Pass courier.</subfield></datafield><datafield ind1="1" ind2="3" tag="246"><subfield code="a">Grants Pass, Oregon, daily courier</subfield></datafield><datafield ind1=" " ind2=" " tag="260"><subfield code="a">Grants Pass, Or. :</subfield><subfield code="b">A.E. Voorhies,</subfield><subfield code="c">1934-1941.</subfield></datafield><datafield ind1=" " ind2=" " tag="300"><subfield code="a">v.</subfield></datafield><datafield ind1=" " ind2=" " tag="310"><subfield code="a">Daily (except Sun.)</subfield></datafield><datafield ind1="0" ind2=" " tag="362"><subfield code="a">Vol. 25, no. 38 (Oct. 31, 1934)-v. 32, no. 74 (Dec. 15, 1941) = 6402-8582.</subfield></datafield><datafield ind1=" " ind2="0" tag="651"><subfield code="a">Grants Pass (Or.)</subfield><subfield code="v">Newspapers.</subfield></datafield><datafield ind1=" " ind2="0" tag="651"><subfield code="a">Josephine County (Or.)</subfield><subfield code="v">Newspapers.</subfield></datafield><datafield ind1=" " ind2="7" tag="655"><subfield code="a">Newspapers.</subfield><subfield code="2">fast</subfield><subfield code="0">(OCoLC)fst01423814</subfield></datafield><datafield ind1=" " ind2="7" tag="651"><subfield code="a">Oregon</subfield><subfield code="z">Grants Pass.</subfield><subfield code="2">fast</subfield><subfield code="0">(OCoLC)fst01213784</subfield></datafield><datafield ind1=" " ind2="7" tag="651"><subfield code="a">Oregon</subfield><subfield code="z">Josephine County.</subfield><subfield code="2">fast</subfield><subfield code="0">(OCoLC)fst01210318</subfield></datafield><datafield ind1=" " ind2=" " tag="752"><subfield code="a">United States</subfield><subfield code="b">Oregon</subfield><subfield code="c">Josephine</subfield><subfield code="d">Grants Pass.</subfield></datafield><datafield ind1="0" ind2="0" tag="780"><subfield code="t">Daily Grants Pass courier</subfield><subfield code="w">(DLC)sn 96088182</subfield></datafield><datafield ind1="0" ind2="5" tag="780"><subfield code="t">Illinois Valley courier</subfield><subfield code="w">(DLC)sn 96088273</subfield></datafield><datafield ind1="0" ind2="0" tag="785"><subfield code="t">Grants Pass daily courier (Grants Pass, Or.)</subfield><subfield code="w">(DLC)sn 96088184</subfield></datafield></record>